@book{myid,
	author = {JAN},
	title = {TEST},
	date = {12.02.1012}
}
